@inproceedings{deepLearningForStereo,
	title = {Efficient Deep Learning for Stereo Matching},
	author = {Luo, W. and Schwing, A. and Urtasun, R.},
	booktitle = {International Conference on Computer Vision and Pattern Recognition (CVPR)},
	year = {2016},
}

@article{middlebury2001dataset,
	title={A taxonomy and evaluation of dense two-frame stereo correspondence algorithms},
	author={D. Scharstein and R. Szeliski},
	journal={International Journal of Computer Vision},
	volume={47},
	number={11},
	pages={7--42},
	year={2002}
}

@misc{ioffe2015batch,
	title={Batch Normalization: Accelerating Deep Network Training by Reducing Internal Covariate Shift},
	author={Sergey Ioffe and Christian Szegedy},
	year={2015},
	eprint={1502.03167},
	archivePrefix={arXiv},
	primaryClass={cs.LG}
}

@article{zbontar2016stereo,
	title={Stereo matching by training a convolutional neural network to compare image patches},
	author={Zbontar, Jure and LeCun, Yann},
	journal={Journal of Machine Learning Research},
	volume={17},
	pages={1--32},
	year={2016}
}
